%YAML 1.1
%TAG !u! tag:unity3d.com,2011:
--- !u!1 &8958293523168178385
GameObject:
  m_ObjectHideFlags: 0
  m_CorrespondingSourceObject: {fileID: 0}
  m_PrefabInstance: {fileID: 0}
  m_PrefabAsset: {fileID: 0}
  serializedVersion: 6
  m_Component:
  - component: {fileID: 8958293523168178413}
  - component: {fileID: 8958293523168178414}
  - component: {fileID: 8958293523168178415}
  - component: {fileID: 8958293523168178384}
  m_Layer: 0
  m_Name: Barrel
  m_TagString: Untagged
  m_Icon: {fileID: 0}
  m_NavMeshLayer: 0
  m_StaticEditorFlags: 0
  m_IsActive: 1
--- !u!4 &8958293523168178413
Transform:
  m_ObjectHideFlags: 0
  m_CorrespondingSourceObject: {fileID: 0}
  m_PrefabInstance: {fileID: 0}
  m_PrefabAsset: {fileID: 0}
  m_GameObject: {fileID: 8958293523168178385}
  m_LocalRotation: {x: 0, y: 0, z: 0, w: 1}
  m_LocalPosition: {x: 0, y: 0, z: 0}
  m_LocalScale: {x: 1, y: 1, z: 1}
  m_ConstrainProportionsScale: 0
  m_Children:
  - {fileID: 8961509745547847641}
  m_Father: {fileID: 0}
  m_RootOrder: 0
  m_LocalEulerAnglesHint: {x: 0, y: 0, z: 0}
--- !u!64 &8958293523168178414
MeshCollider:
  m_ObjectHideFlags: 0
  m_CorrespondingSourceObject: {fileID: 0}
  m_PrefabInstance: {fileID: 0}
  m_PrefabAsset: {fileID: 0}
  m_GameObject: {fileID: 8958293523168178385}
  m_Material: {fileID: 0}
  m_IsTrigger: 0
  m_Enabled: 1
  serializedVersion: 4
  m_Convex: 1
  m_CookingOptions: 30
  m_Mesh: {fileID: 4300000, guid: 270efc4fb3c7ef74cb77f88b77cefaa1, type: 3}
--- !u!54 &8958293523168178415
Rigidbody:
  m_ObjectHideFlags: 0
  m_CorrespondingSourceObject: {fileID: 0}
  m_PrefabInstance: {fileID: 0}
  m_PrefabAsset: {fileID: 0}
  m_GameObject: {fileID: 8958293523168178385}
  serializedVersion: 2
  m_Mass: 1
  m_Drag: 0
  m_AngularDrag: 0.05
  m_UseGravity: 1
  m_IsKinematic: 0
  m_Interpolate: 0
  m_Constraints: 0
  m_CollisionDetection: 0
--- !u!114 &8958293523168178384
MonoBehaviour:
  m_ObjectHideFlags: 0
  m_CorrespondingSourceObject: {fileID: 0}
  m_PrefabInstance: {fileID: 0}
  m_PrefabAsset: {fileID: 0}
  m_GameObject: {fileID: 8958293523168178385}
  m_Enabled: 1
  m_EditorHideFlags: 0
  m_Script: {fileID: 11500000, guid: b973b65177bd44809e19da707b4d8a80, type: 3}
  m_Name: 
  m_EditorClassIdentifier: 
  _objectMaterial: {fileID: 11400000, guid: d1c679d93e30f9041a67ca73db1c6dd4, type: 2}
  _objectRenderer: {fileID: 8937026022851392543}
  HitReceivedEvent:
    m_PersistentCalls:
      m_Calls: []
  ObjectDestroyedEvent:
    m_PersistentCalls:
      m_Calls:
      - m_Target: {fileID: 8959699695709514797}
        m_TargetAssemblyTypeName: UnityEngine.GameObject, UnityEngine
        m_MethodName: SetActive
        m_Mode: 6
        m_Arguments:
          m_ObjectArgument: {fileID: 0}
          m_ObjectArgumentAssemblyTypeName: UnityEngine.Object, UnityEngine
          m_IntArgument: 0
          m_FloatArgument: 0
          m_StringArgument: 
          m_BoolArgument: 0
        m_CallState: 2
      - m_Target: {fileID: 8958293523168178414}
        m_TargetAssemblyTypeName: UnityEngine.Collider, UnityEngine
        m_MethodName: set_enabled
        m_Mode: 6
        m_Arguments:
          m_ObjectArgument: {fileID: 0}
          m_ObjectArgumentAssemblyTypeName: UnityEngine.Object, UnityEngine
          m_IntArgument: 0
          m_FloatArgument: 0
          m_StringArgument: 
          m_BoolArgument: 0
        m_CallState: 2
      - m_Target: {fileID: 8958293523168178415}
        m_TargetAssemblyTypeName: UnityEngine.Rigidbody, UnityEngine
        m_MethodName: set_useGravity
        m_Mode: 6
        m_Arguments:
          m_ObjectArgument: {fileID: 0}
          m_ObjectArgumentAssemblyTypeName: UnityEngine.Object, UnityEngine
          m_IntArgument: 0
          m_FloatArgument: 0
          m_StringArgument: 
          m_BoolArgument: 0
        m_CallState: 2
--- !u!1001 &8958293523901242363
PrefabInstance:
  m_ObjectHideFlags: 0
  serializedVersion: 2
  m_Modification:
    m_TransformParent: {fileID: 8958293523168178413}
    m_Modifications:
    - target: {fileID: 1547116696582102, guid: f750d5f061e724f4c827ab6b376e2550, type: 3}
      propertyPath: m_Name
      value: SM_Prop_Barrel_01
      objectReference: {fileID: 0}
    - target: {fileID: 4483658618797090, guid: f750d5f061e724f4c827ab6b376e2550, type: 3}
      propertyPath: m_RootOrder
      value: 0
      objectReference: {fileID: 0}
    - target: {fileID: 4483658618797090, guid: f750d5f061e724f4c827ab6b376e2550, type: 3}
      propertyPath: m_LocalPosition.x
      value: 0
      objectReference: {fileID: 0}
    - target: {fileID: 4483658618797090, guid: f750d5f061e724f4c827ab6b376e2550, type: 3}
      propertyPath: m_LocalPosition.y
      value: 0
      objectReference: {fileID: 0}
    - target: {fileID: 4483658618797090, guid: f750d5f061e724f4c827ab6b376e2550, type: 3}
      propertyPath: m_LocalPosition.z
      value: 0
      objectReference: {fileID: 0}
    - target: {fileID: 4483658618797090, guid: f750d5f061e724f4c827ab6b376e2550, type: 3}
      propertyPath: m_LocalRotation.w
      value: 1
      objectReference: {fileID: 0}
    - target: {fileID: 4483658618797090, guid: f750d5f061e724f4c827ab6b376e2550, type: 3}
      propertyPath: m_LocalRotation.x
      value: -0
      objectReference: {fileID: 0}
    - target: {fileID: 4483658618797090, guid: f750d5f061e724f4c827ab6b376e2550, type: 3}
      propertyPath: m_LocalRotation.y
      value: -0
      objectReference: {fileID: 0}
    - target: {fileID: 4483658618797090, guid: f750d5f061e724f4c827ab6b376e2550, type: 3}
      propertyPath: m_LocalRotation.z
      value: -0
      objectReference: {fileID: 0}
    - target: {fileID: 4483658618797090, guid: f750d5f061e724f4c827ab6b376e2550, type: 3}
      propertyPath: m_LocalEulerAnglesHint.x
      value: 0
      objectReference: {fileID: 0}
    - target: {fileID: 4483658618797090, guid: f750d5f061e724f4c827ab6b376e2550, type: 3}
      propertyPath: m_LocalEulerAnglesHint.y
      value: 0
      objectReference: {fileID: 0}
    - target: {fileID: 4483658618797090, guid: f750d5f061e724f4c827ab6b376e2550, type: 3}
      propertyPath: m_LocalEulerAnglesHint.z
      value: 0
      objectReference: {fileID: 0}
    m_RemovedComponents:
    - {fileID: 64866121705718766, guid: f750d5f061e724f4c827ab6b376e2550, type: 3}
  m_SourcePrefab: {fileID: 100100000, guid: f750d5f061e724f4c827ab6b376e2550, type: 3}
--- !u!23 &8937026022851392543 stripped
MeshRenderer:
  m_CorrespondingSourceObject: {fileID: 23909629644402660, guid: f750d5f061e724f4c827ab6b376e2550,
    type: 3}
  m_PrefabInstance: {fileID: 8958293523901242363}
  m_PrefabAsset: {fileID: 0}
--- !u!1 &8959699695709514797 stripped
GameObject:
  m_CorrespondingSourceObject: {fileID: 1547116696582102, guid: f750d5f061e724f4c827ab6b376e2550,
    type: 3}
  m_PrefabInstance: {fileID: 8958293523901242363}
  m_PrefabAsset: {fileID: 0}
--- !u!4 &8961509745547847641 stripped
Transform:
  m_CorrespondingSourceObject: {fileID: 4483658618797090, guid: f750d5f061e724f4c827ab6b376e2550,
    type: 3}
  m_PrefabInstance: {fileID: 8958293523901242363}
  m_PrefabAsset: {fileID: 0}
